@article{DWSL201406015,
author = {韩桃 and 齐峰 and 王安琪},
title = {受迫振动法研究压强变化对气体阻尼系数的影响},
journal = {大学物理实验},
volume = {27},
number = {06},
pages = {44-47},
year = {2014},
issn = {1007-2934},
doi = {10.14139/j.cnki.cn22-1228.2014.06.015}
}    


@article{ KJSJ201335139,
author = { 李本苍 and  魏生贤 and  李会 },
title = {重力加速度测量方法的比较研究},
journal = {科技视界},
volume = {},
number = {35},
pages = {173-174},
year = {2013},
issn = {2095-2457},
doi = {10.19694/j.cnki.issn2095-2457.2013.35.137}
}

@INPROCEEDINGS{7780460,
  author={Redmon, Joseph and Divvala, Santosh and Girshick, Ross and Farhadi, Ali},
  booktitle={2016 IEEE Conference on Computer Vision and Pattern Recognition (CVPR)}, 
  title={You Only Look Once: Unified, Real-Time Object Detection}, 
  year={2016},
  volume={},
  number={},
  pages={779-788},
  keywords={Computer architecture;Microprocessors;Object detection;Training;Real-time systems;Neural networks;Pipelines},
  doi={10.1109/CVPR.2016.91}}

  
@article{ DZYX202210040,
author = { 邵延华 and  张铎 and  楚红雨 and  张晓强 and  饶云波 },
title = {基于深度学习的YOLO目标检测综述},
journal = {电子与信息学报},
volume = {44},
number = {10},
pages = {3697-3708},
year = {2022},
issn = {1009-5896},
}

@article{ WLSL200709008,
author = { 苏启录 },
title = {单摆运动的实时测量},
journal = {物理实验},
volume = {},
number = {09},
pages = {29-32},
year = {2007},
issn = {1005-4642},
}

@article{DXWL200705004,
author = {  鞠衍清 and 张风雷},
title = {单摆运动周期近似公式的数值推导及修正},
journal = {大学物理},
number = {05},
pages = {15-17+19},
year = {2007},
issn = {1000-0712},
doi = {10.16854/j.cnki.1000-0712.2007.05.005}
}    

@article{DWSL202202010,
author = {  马果 and     李超 and     朱振鹏 and     刘滋雨 and     黄骏文 and 张澳运},
title = {基于单摆实验利用霍尔元件测量空气的动力学粘度},
journal = {大学物理实验},
volume = {35},
number = {02},
pages = {45-48},
year = {2022},
issn = {1007-2934},
doi = {10.14139/j.cnki.cn22-1228.2022.02.010}
}    

@article{ WUJS200610016,
author = { 吴俊杰 and  李玲 and  李兰秀 and  李多 },
title = {用摄像头和频闪截屏技术研究单摆运动},
journal = {物理教师},
number = {10},
pages = {37-38},
year = {2006},
issn = {1002-042X},
}

@article{ DWSL202206016,
author = { 张世功 and  肖志俊 and  刘广群 },
title = {通过声卡采集光电门数据研究大幅度阻尼单摆的振动},
journal = {大学物理实验},
volume = {35},
number = {06},
pages = {75-78},
year = {2022},
issn = {1007-2934},
doi = {10.14139/j.cnki.cn22-1228.2022.06.016}
}

@article{DBLP:journals/corr/RedmonDGF15,
  author       = {Joseph Redmon and
                  Santosh Kumar Divvala and
                  Ross B. Girshick and
                  Ali Farhadi},
  title        = {You Only Look Once: Unified, Real-Time Object Detection},
  journal      = {CoRR},
  volume       = {abs/1506.02640},
  year         = {2015},
  url          = {http://arxiv.org/abs/1506.02640},
  eprinttype    = {arXiv},
  eprint       = {1506.02640},
  timestamp    = {Mon, 13 Aug 2018 16:48:08 +0200},
  biburl       = {https://dblp.org/rec/journals/corr/RedmonDGF15.bib},
  bibsource    = {dblp computer science bibliography, https://dblp.org}
}

@article{ WUJS202211018,
author = { 吴雨珣 and  游雁 and  方思云 and  陈志华 and  冯卓宏 and  贾翠红 },
title = {基于微元法思路的空气阻力系数测定方法},
journal = {物理教师},
volume = {43},
number = {11},
pages = {67-69},
year = {2022},
issn = {1002-042X},
}


@article{WUJS201612024,
author = {  赖才 and     程敏熙 and 黄慧敏},
title = {用视频分析软件Tracker研究单摆的运动},
journal = {物理教师},
volume = {37},
number = {12},
pages = {67-69},
year = {2016},
issn = {1002-042X},
}    

@article{DXWL201705004,
author = {李翔},
title = {品质因数的多重内涵及其教学探讨},
journal = {大学物理},
volume = {36},
number = {05},
pages = {11-14+18},
year = {2017},
issn = {1000-0712},
doi = {10.16854/j.cnki.1000-0712.2017.05.004}
}    

@article{R1996On,
  title={On the LambertW function},
  author={R. and M. and Corless and G. and H. and Gonnet and D. and E. and G. and Hare},
  journal={Advances in Computational Mathematics},
  year={1996},
}

@book{9787115284846001,
   author = {    刘百芬 and     张利华 and     甘方成 and     石晓瑛 and     袁世英 and     刘子英  },
 title = {信号与系统},
publisher = {人民邮电出版社},
year = {2012}
}    

@article{CGQJ202204002,
author = {  包晓敏 and 王思琪},
title = {基于深度学习的目标检测算法综述},
journal = {传感器与微系统},
volume = {41},
number = {04},
pages = {5-9},
year = {2022},
issn = {2096-2436},
doi = {10.13873/J.1000-9787(2022)04-0005-05}
}    

@article{SSJD76B1D9BE1BC5750A9FD067DD9238D5C1,
author = {  Weigang, Li and     Enamoto, Liriam Michi and     Li, Denise Leyi and Rocha Filho, Geraldo Pereira},
title = {New directions for artificial intelligence: human, machine, biological, and quantum intelligence},
journal = {Frontiers of Information Technology &amp; Electronic Engineering},
volume = {23},
number = {6},
pages = {1-7},
year = {2021},
issn = {2095-9230},
} 

@article{jiang2022review,
  title={A Review of Yolo algorithm developments},
  author={Jiang, Peiyuan and Ergu, Daji and Liu, Fangyao and Cai, Ying and Ma, Bo},
  journal={Procedia computer science},
  volume={199},
  pages={1066--1073},
  year={2022},
  publisher={Elsevier}
}

@article{陈冲2025物理引导的深度学习研究综述,
  title={物理引导的深度学习研究综述: 进展, 挑战和展望.},
  author={陈冲 and 朱啸宇 and 王芳 and 许雅倩 and 张伟},
  journal={Journal of Frontiers of Computer Science and Technology},
  volume={19},
  number={02},
  pages={0277--18},
  year={2025}
}

@article{WLTB201706010,
author = {  洪炎红 and     徐晓梅 and 冯洁},
title = {视频分析软件与中学物理教学整合的探索——以Tracker软件研究单摆运动为例},
journal = {物理通报},
number = {06},
pages = {36-39},
year = {2017},
issn = {0509-4038},
}    

@article{JXWL201706004,
author = {  王祥委 and     段娟娟 and 彭朝阳},
title = {一种测量重力加速度的新方法},
journal = {物理教学},
volume = {39},
number = {06},
pages = {10-11+54},
year = {2017},
issn = {1002-0748},
}    

@article{brown2009innovative,
  title={Innovative uses of video analysis},
  author={Brown, Douglas and Cox, Anne J},
  journal={The Physics Teacher},
  volume={47},
  number={3},
  pages={145--150},
  year={2009},
  publisher={American Association of Physics Teachers}
}